@online{Alper2023,
  title   = {Hospital discharge and readmission},
  author  = {Eric Alper and Terrence A. O'Malley and Jeffrey Greenwald},
  editors = {Andrew D. Auerbach and Jane Givens},
  date    = {2023-02-03},
  urldate = {2024-05-16},
  url     = {https://medilib.ir/uptodate/show/2790}
}
@article{Alqenae2020,
  journal   = {Drug Safety},
  author    = {Alqenae, Fatema A. and Steinke, Douglas and Keers, Richard N.},
  issn      = {0114-5916},
  doi       = {10.1007/s40264-020-00918-3},
  language  = {eng},
  number    = {6},
  pages     = {517-537},
  publisher = {Springer},
  title     = {Prevalence and Nature of Medication Errors and Medication-Related Harm Following Discharge from Hospital to Community Settings: A Systematic Review},
  volume    = {43},
  date      = {2020-06}
}
@book{Dempsey2013,
  author    = {Jennifer Dempsey and Sharon Hillege and Robyn Hill},
  title     = {Fundamentals of Nursing and Midwifery},
  date      = {2013-09-18},
  subtitle  = {A person-centred approach to care},
  language  = {eng},
  edition   = {2},
  publisher = {{Lippincott Williams \& Wilkins}},
  location  = {Australia},
  isbn      = {9781920994617}
}
@article{Flatman2021,
  journal   = {Future Healthcare Journal},
  author    = {Flatman, Jennifer},
  address   = {England},
  issn      = {2514-6645},
  doi       = {10.7861/fhj.2021-0176},
  language  = {eng},
  number    = {3},
  pages     = {e616-e618},
  publisher = {Elsevier},
  title     = {How to improve medication safety at hospital discharge: let’s get practical},
  volume    = {8},
  date      = {2021-11}
}
@article{Hajialibeigloo2021,
  journal   = {Nursing Open},
  author    = {Hajialibeigloo, Reza and Mazlum, Seyed Reza and Mohajer, Samira and Morisky, Donald E.},
  issn      = {2054-1058},
  doi       = {10.1002/nop2.870 },
  language  = {eng},
  number    = {4},
  pages     = {1947-1957},
  publisher = {Wiley},
  title     = {Effect of self‐administration of medication programme on cardiovascular inpatients' medication adherence and nurses' satisfaction: A randomized clinical trial},
  volume    = {8},
  date      = {2021-07}
}
@article{Mortelmans2021,
  journal   = {International Journal of Environmental Research and Public Health},
  author    = {Mortelmans, Laura and De Baetselier, Elyne and Goossens, Eva and Dilles, Tinne},
  issn      = {1660-4601},
  doi       = {10.3390/ijerph18137031},
  language  = {eng},
  number    = {13},
  pages     = {7031},
  publisher = {Mdpi},
  title     = {What Happens after Hospital Discharge? Deficiencies in Medication Management Encountered by Geriatric Patients with Polypharmacy},
  volume    = {18},
  date      = {2021-06}
}
@online{NZNC2012,
  title  = {Code of Conduct},
  author = {{Nursing Council of New Zealand}},
  date   = {2012-09},
  isbn   = {978-0-908662-45-6},
  url    = {https://online.flippingbook.com/view/359830702/}
}
@article{Phatak2015,
  author  = {Phatak, Arti and Prusi, Rachael and Ward, Brooke and Hansen, Luke O. and Williams, Mark V. and Vetter, Elizabeth and Chapman, Noelle and Postelnick, Michael},
  title   = {Impact of pharmacist involvement in the transitional care of high-risk patients through medication reconciliation, medication education, and postdischarge call-backs (IPITCH Study)},
  journal = {Journal of Hospital Medicine},
  volume  = {11},
  number  = {1},
  pages   = {39-44},
  doi     = {https://doi.org/10.1002/jhm.2493},
  url     = {https://shmpublications.onlinelibrary.wiley.com/doi/abs/10.1002/jhm.2493},
  eprint  = {https://shmpublications.onlinelibrary.wiley.com/doi/pdf/10.1002/jhm.2493},
  date    = {2016-01}
}
@article{Roeung2024,
  journal   = {The American Journal of Nursing},
  author    = {Roeung, Sophany and Lindgren, Teri G and Carley, Annette},
  address   = {United States},
  issn      = {0002-936X},
  doi       = {10.1097/01.NAJ.0001004936.98276.ad},
  language  = {eng},
  number    = {1},
  pages     = {41-46},
  publisher = {Lippincott Williams \& Wilkins},
  title     = {Improving Discharge Teaching for Adult Patients with an Ileostomy},
  volume    = {124},
  date      = {2024-01}
}
@article{Sanjai2019,
  author  = {Sanjai Sinha and John Dillon and Savira Kochhar Dargar and Alexi Archambault and Paul Martin and Brittney A Frankel and Jennifer Inhae Lee and Amanda S Carmel and Monika Safford},
  title   = {What to expect that you’re not expecting: A pilot video education intervention to improve patient self-efficacy surrounding discharge medication barriers},
  journal = {Health Informatics Journal},
  volume  = {25},
  number  = {4},
  pages   = {1595-1605},
  year    = {2019},
  doi     = {10.1177/1460458218796644}
}
@article{Sulosaari2014,
  title   = {Medication education in nursing programmes in Finland – Findings from a national survey},
  journal = {Collegian},
  volume  = {21},
  number  = {4},
  pages   = {327-335},
  date    = {2014-12},
  issn    = {1322-7696},
  doi     = {10.1016/j.colegn.2013.08.003},
  url     = {https://www.sciencedirect.com/science/article/pii/S132276961300084X},
  author  = {Virpi Sulosaari and Risto Huupponen and Kirsti Torniainen and Maija Hupli and Pauli Puukka and Helena Leino-Kilpi}
}
@article{Weir2020,
  journal   = {Health Services Research},
  author    = {Weir, Daniala L. and Motulsky, Aude and Abrahamowicz, Michal and Lee, Todd C. and Morgan, Steven and Buckeridge, David L. and Tamblyn, Robyn},
  issn      = {0017-9124},
  doi       = {10.1111/1475-6773.13292},
  language  = {eng},
  number    = {4},
  pages     = {512-523},
  publisher = {Wiley},
  title     = {Failure to follow medication changes made at hospital discharge is associated with adverse events in 30 days},
  volume    = {55},
  date      = {2020-08}
}
@article{Yap2016,
  title   = {Medication adherence in the elderly},
  journal = {Journal of Clinical Gerontology and Geriatrics},
  volume  = {7},
  number  = {2},
  pages   = {64-67},
  date    = {2016-06},
  issn    = {2210-8335},
  doi     = {10.1016/j.jcgg.2015.05.001},
  url     = {https://www.sciencedirect.com/science/article/pii/S2210833515000441},
  author  = {Angela Frances Yap and Thiru Thirumoorthy and Yu Heng Kwan}
}


